@article{reinitzer1888,
  title={{Beitr{\"a}ge zur Kenntniss des Cholesterins}},
  author={Reinitzer, Friedrich},
  journal={Monatshefte f{\"u}r Chemie und verwandte Teile anderer Wissenschaften},
  volume={9},
  number={1},
  pages={421--441},
  year={1888},
  publisher={Springer}
}
@article{gay1981modification,
  title={Modification of the overlap potential to mimic a linear site--site potential},
  author={Gay, JG and Berne, BJ},
  journal={The Journal of Chemical Physics},
  volume={74},
  number={6},
  pages={3316--3319},
  year={1981},
  publisher={AIP}
}
@book{allen1987computer,
  title={Computer Simulation of Liquids},
  author={Allen, MP and Tildesley, DJ},
  year={1987},
  publisher={Oxford University Press}
}
@article{bates1996computer,
  title={{Computer simulation studies of anisotropic systems XXVI Monte Carlo investigations of a Gay-Berne discotic at constant pressure}},
  author={Bates, MA and Luckhurst, GR},
  journal={The Journal of Chemical Physics},
  volume={104},
  number={17},
  pages={6696--6709},
  year={1996},
  publisher={AIP}
}
@article{hastings1970monte,
  title={{Monte Carlo sampling methods using Markov chains and their applications}},
  author={Hastings, W Keith},
  journal={Biometrika},
  volume={57},
  number={1},
  pages={97--109},
  year={1970},
  publisher={Biometrika Trust}
}
@book{grimmett2001probability,
  title={Probability and random processes},
  author={Grimmett, Geoffrey and Stirzaker, David},
  year={2001},
  publisher={Oxford University Press}
}

@article{wood1968monte,
  title={{Monte Carlo calculations for hard disks in the isothermal-isobaric ensemble}},
  author={Wood, WW},
  journal={The Journal of Chemical Physics},
  volume={48},
  number={1},
  pages={415--434},
  year={1968},
  publisher={AIP}
}
@article{chang2010simple,
  title={{A simple proof of Thue's Theorem on circle packing}},
  author={Chang, Hai-Chau and Wang, Lih-Chung},
  journal={arXiv preprint arXiv:1009.4322},
  year={2010}
}
@article{qmga,
  title={Molecular graphics of convex body fluids},
  author={Gabriel, Adrian T and Meyer, Timm and Germano, Guido},
  journal={Journal of Chemical Theory and Computation},
  volume={4},
  number={3},
  pages={468--476},
  year={2008},
  publisher={ACS Publications}
}
@article{zhang2015columnar,
  title={Columnar liquid crystals in cylindrical nanoconfinement},
  author={Zhang, Ruibin and Zeng, Xiangbing and Kim, Bongseock and Bushby, Richard J and Shin, Kyusoon and Baker, Patrick J and Percec, Virgil and Leowanawat, Pawaret and Ungar, Goran},
  journal={ACS Nano},
  volume={9},
  number={2},
  pages={1759--1766},
  year={2015},
  publisher={ACS Publications}
}
@article{sentker2018quantized,
  title={Quantized self-assembly of discotic rings in a liquid crystal confined in nanopores},
  author={Sentker, Kathrin and Zantop, Arne W and Lippmann, Milena and Hofmann, Tommy and Seeck, Oliver H and Kityk, Andriy V and Yildirim, Arda and Sch{\"o}nhals, Andreas and Mazza, Marco G and Huber, Patrick},
  journal={Physical Review Letters},
  volume={120},
  number={6},
  pages={067801},
  year={2018},
  publisher={APS}
}
@article{caprion2009discotic,
  title={{Discotic molecules in cylindrical nanopores: A Monte Carlo study}},
  author={Caprion, D},
  journal={The European Physical Journal E},
  volume={28},
  number={3},
  pages={305--313},
  year={2009},
  publisher={Springer}
}
@article{caprion2003influence,
  title={Influence of shape and energy anisotropies on the phase diagram of discotic molecules},
  author={Caprion, Didier and Bellier-Castella, L and Ryckaert, J-P},
  journal={Physical Review E},
  volume={67},
  number={4},
  pages={041703},
  year={2003},
  publisher={APS}
}

@article{guin2018layered,
  title={Layered liquid crystal elastomer actuators},
  author={Guin, Tyler and Settle, Michael J and Kowalski, Benjamin A and Auguste, Anesia D and Beblo, Richard V and Reich, Gregory W and White, Timothy J},
  journal={Nature communications},
  volume={9},
  number={1},
  pages={2531},
  year={2018},
  publisher={Nature Publishing Group}
}

@misc{witonsky2001liquid,
  title={Liquid crystal thermometer},
  author={Witonsky, Robert J and Scarantino, John W},
  year={2001},
  month=jul # "~10",
  publisher={Google Patents},
  note={US Patent 6,257,759}
}

@article{lechner2008accurate,
  title={Accurate determination of crystal structures based on averaged local bond order parameters},
  author={Lechner, Wolfgang and Dellago, Christoph},
  journal={The Journal of chemical physics},
  volume={129},
  number={11},
  pages={114707},
  year={2008},
  publisher={AIP}
}